@article{cn1,
  title={Recent developments in network measurement},
  author={Marsden, Peter V},
  journal={Models and methods in social network analysis},
  volume={8},
  pages={30},
  year={2005}
}

@inproceedings{cn2,
  title={A network measurement architecture for adaptive applications},
  author={Stemm, Mark and Katz, Randy and Seshan, Srinivasan},
  booktitle={INFOCOM 2000. Nineteenth Annual Joint Conference of the IEEE Computer and Communications Societies. Proceedings. IEEE},
  volume={1},
  pages={285--294},
  year={2000},
  organization={IEEE}
}

@misc{cn3,
  title={System and method for network virus protection},
  author={Yanovsky, Boris},
  year={2006},
  month=mar # "~7",
  publisher={Google Patents},
  note={US Patent 7,010,807}
}

@article{cn4,
  title={ACM president's letter: electronic junk},
  author={Denning, Peter J},
  journal={Communications of the ACM},
  volume={25},
  number={3},
  pages={163--165},
  year={1982},
  publisher={ACM}
}

@book{cn5,
  title={Cryptography and network security: principles and practice},
  author={Stallings, William and Tahiliani, Mohit P},
  volume={6},
  year={2014},
  publisher={Pearson London}
}

@incollection{cn6,
  title={Pre-authenticated fast handoff in a public wireless LAN based on IEEE 802.1 x model},
  author={Pack, Sangheon and Choi, Yanghee},
  booktitle={Mobile and Wireless Communications},
  pages={175--182},
  year={2003},
  publisher={Springer}
}

@inproceedings{cn7,
  title={How the Great Firewall of China is Blocking Tor.},
  author={Winter, Philipp and Lindskog, Stefan},
  booktitle={FOCI},
  year={2012}
}

@article{cn8,
  title={Does the Great Firewall really isolate the Chinese? Integrating access blockage with cultural factors to explain Web user behavior},
  author={Taneja, Harsh and Wu, Angela Xiao},
  journal={The Information Society},
  volume={30},
  number={5},
  pages={297--309},
  year={2014},
  publisher={Taylor \& Francis}
}

@article{cn9,
  title={The great firewall of China},
  author={Elgin, Ben and Einhorn, Bruce},
  journal={Business Week},
  volume={12},
  year={2006}
}

@misc{cn10,
  title={System and method of reading ahead of objects for delivery to an HTTP proxy server},
  author={Border, John and Dillon, Douglas and Butehorn, Matt},
  year={2004},
  month=sep # "~21",
  publisher={Google Patents},
  note={US Patent 6,795,848}
}